<marc:record xmlns:marc="http://www.loc.gov/MARC21/slim"><marc:leader>00523nam a22001690a 45 0</marc:leader><marc:controlfield tag="001">306578</marc:controlfield><marc:controlfield tag="003">NL-AMISG</marc:controlfield><marc:controlfield tag="005">19950210234845.0</marc:controlfield><marc:controlfield tag="008">199502suuuuuuuu||||||||||||||||||||||| d</marc:controlfield><marc:datafield ind1=" " ind2=" " tag="035"><marc:subfield code="a">(IISG)IISGb10047904</marc:subfield></marc:datafield><marc:datafield ind1=" " ind2=" " tag="040"><marc:subfield code="a">NL-AmISG</marc:subfield></marc:datafield><marc:datafield ind1="1" ind2=" " tag="100"><marc:subfield code="a">Armand, E.</marc:subfield></marc:datafield><marc:datafield ind1="1" ind2="0" tag="245"><marc:subfield code="a">Amour libre et liberté sexuelle.</marc:subfield></marc:datafield><marc:datafield ind1=" " ind2=" " tag="250"><marc:subfield code="a">2me tirage.</marc:subfield></marc:datafield><marc:datafield ind1=" " ind2=" " tag="260"><marc:subfield code="a">Orléans :</marc:subfield><marc:subfield code="b">l'En dehors,</marc:subfield><marc:subfield code="c">s.a.</marc:subfield></marc:datafield><marc:datafield ind1=" " ind2=" " tag="300"><marc:subfield code="a">20 p.</marc:subfield></marc:datafield><marc:datafield ind1=" " ind2=" " tag="500"><marc:subfield code="a">La Brochure mensuelle, 35, novembre 1925.</marc:subfield></marc:datafield><marc:datafield ind1=" " ind2=" " tag="690"><marc:subfield code="a">Bro An 90</marc:subfield><marc:subfield code="b">Anarchism; France; culture, religion, ethics; sex</marc:subfield><marc:subfield code="c">Anarchisme; Frankrijk; godsdienst, ethiek en cultuur; sexuele ethiek.</marc:subfield></marc:datafield><marc:datafield ind1=" " ind2=" " tag="852"><marc:subfield code="a">IISG</marc:subfield><marc:subfield code="b">IISG</marc:subfield><marc:subfield code="c">IISG</marc:subfield><marc:subfield code="j">Bro An 90/500</marc:subfield><marc:subfield code="p">N10047413</marc:subfield></marc:datafield><marc:datafield ind1=" " ind2=" " tag="901"><marc:subfield code="a">306578</marc:subfield><marc:subfield code="b">Unknown</marc:subfield><marc:subfield code="c">306578</marc:subfield><marc:subfield code="t">biblio</marc:subfield></marc:datafield><marc:datafield ind1=" " ind2=" " tag="902"><marc:subfield code="a">10622/CEC55A89-8E8F-4D39-BA73-DA5D9BF232A6</marc:subfield></marc:datafield></marc:record>